<?xml version="1.0" encoding="UTF-8"?><record xmlns="http://www.loc.gov/MARC21/slim" xmlns:cinclude="http://apache.org/cocoon/include/1.0" xmlns:zs="http://www.loc.gov/zing/srw/">
  <leader>00683cz  a2200145n  4500</leader>
  <controlfield tag="001">n  96120724 </controlfield>
  <controlfield tag="003">DLC</controlfield>
  <controlfield tag="005">20010523123207.0</controlfield>
  <controlfield tag="008">961216n| acannaab           |a aaa      </controlfield>
  <datafield tag="010" ind1=" " ind2=" ">
    <subfield code="a">n  96120724 </subfield>
  </datafield>
  <datafield tag="040" ind1=" " ind2=" ">
    <subfield code="a">DLC</subfield>
    <subfield code="c">DLC</subfield>
  </datafield>
  <datafield tag="100" ind1="1" ind2="0">
    <subfield code="a">Tranchuk, L. I.</subfield>
  </datafield>
  <datafield tag="400" ind1="1" ind2="0">
    <subfield code="a">Tranchuk, Lidii︠a︡ Ivanovna</subfield>
  </datafield>
  <datafield tag="670" ind1=" " ind2=" ">
    <subfield code="a">Organizat︠s︡ii︠a︡ trudovoĭ dei︠a︡telʹnosti osuzhdennykh oligofrenov v vospitatelʹno-trudovykh kolonii︠a︡kh, 1993:</subfield>
    <subfield code="b">t.p. (L.I. Tranchuk, kandidata i︠u︡ridicheskikh nauk)</subfield>
  </datafield>
  <datafield tag="670" ind1=" " ind2=" ">
    <subfield code="a">Obespechenie trudovoĭ zani︠a︡tosti osuzhdennykh k lishenii︠u︡ svobody v zarubezhnykh stranakh, 1998:</subfield>
    <subfield code="b">t.p. (L.I. Tranchuk) colophon (Lidii︠a︡ Ivanovna Tranchuk)</subfield>
  </datafield>
</record>